@book{jose_valentim,
  place = {Rio de Janeiro},
  edition = {1},
  title = {Renda Fixa Aplicada ao Mercado Brasileiro},
  publisher = {IMPA},
  author = {José Valentim},
  year = {2022},
}

@misc{ibge_ipca,
  author = {{IBGE - Instituto Brasileiro de Geografia e Estatística}},
  title = {Índice Nacional de Preços ao Consumidor Amplo},
  year = {2025},
  url = {
         https://www.ibge.gov.br/estatisticas/economicas/precos-e-custos/9256-indice-nacional-de-precos-ao-consumidor-amplo.html?=&t=conceitos-e-metodos
         },
  note = {Acessado: 2025-03-09},
  organization = {IBGE},
}
